%dc_bib for the defames paper at parch

@article{MPI_task,
  title={Integrating Asynchronous Task Parallelism with MPI},
  author={Chatterjee, Sanjay and Tas{\i}rlar, Sagnak and Budimlic, Zoran and Cav{\'e}, Vincent and Chabbi, Milind and Grossman, Max and Sarkar, Vivek and Yan, Yonghong},
  journal={Department of Computer Science, Rice University, Technical Report TR12-07},
  year={2013}
}

@inproceedings{cilk5,
 author = {Frigo, Matteo and Leiserson, Charles E. and Randall, Keith H.},
 title = {The implementation of the Cilk-5 multithreaded language},
 booktitle = {Proceedings of the ACM SIGPLAN 1998 conference on Programming language design and implementation},
 series = {PLDI '98},
 year = {1998},
 isbn = {0-89791-987-4},
 location = {Montreal, Quebec, Canada},
 pages = {212--223},
 numpages = {12},
 url = {http://doi.acm.org/10.1145/277650.277725},
 doi = {10.1145/277650.277725},
 acmid = {277725},
 publisher = {ACM},
 address = {New York, NY, USA},
 keywords = {critical path, multithreading, parallel computing, programming language, runtime system, work}
} 

@article{Metis,
  title={Metis 4.0: Unstructured Graph Partitioning and Sparse Matrix Ordering System},
  author={Karypis, George and Kumar, Vipin},
  year={1998},
  publisher={Citeseer}
}

@article{Stanford,
  title={Assembly of Finite Element Methods on Graphics Processors},
  author={Cecka, Cris and Lew, Adrian J. and Darve, E.},
  journal={International journal for numerical methods in engineering},
  year={2000}
}

@article{CPUGPUasm,
  title={Finite element assembly strategies on multi-core and many-core architectures},
  author={Markall, G. R. and Slemmer, A. and Ham, D. A. and Kelly, P. H. J. and Cantwell, C. D. and Sherwin, S. J.},
  journal={International journal for numerical methods in fluids},
  year={2013}
}

@article{RSBasm,
  title={Assembling Recursively Stored Sparse Matrices},
  author={Martone, Michele and Filippone, Salvatore and Tucci, Salvatore},
  booktitle={Computer Science and Information Technology},
  isbn = {978-83-60810-27-9},
  pages={317-325},
  year={2010}
}

@article{CUDAfe,
  title={Porting a high-order finite-element earthquake modeling application to NVIDIA graphics card using CUDA},
  author={Komatitsch, D. and Micha, D. and Erlebacher, G.},
  booktitle={J. Parallel Distr. Com.},
  pages={451-460},
  year={2009}
}

@article{CPUfe1,
  title={Finite element application on a shared-memory multiprocessor: Algorithms and experimental results},
  author={Natarajan, R.},
  booktitle={J. Comput. Phys.},
  pages={352-381},
  year={1991}
}

@article{CPUfe2,
  title={A general approach to nonlinear fe computations on shared-memory multiprocessors},
  booktitle={Computer Methods in Applied Mechanics and Engineering},
  pages={153-171},
  year={1989}
}